<?xml version="1.0" encoding="UTF-8"?><collection xmlns="http://www.loc.gov/MARC21/slim"><record><leader>00532nam--2200181-u-4500</leader><controlfield tag="001">000056806</controlfield><controlfield tag="002">20191023</controlfield><controlfield tag="005">20191023030229</controlfield><controlfield tag="008">191023s1000------------r-----000-0-eng-d</controlfield><datafield ind1=" " ind2=" " tag="041"><subfield code="a">eng</subfield></datafield><datafield ind1="1" ind2=" " tag="100"><subfield code="a">Barborica, Andrei</subfield></datafield><datafield ind1="1" ind2="0" tag="245"><subfield code="a">2008 Annual Scientific Conference</subfield><subfield code="c">Andri Barborica, Mircea Bulinski, Adrian Radu, Sabina Stefan (eds.)</subfield></datafield><datafield ind1=" " ind2=" " tag="260"><subfield code="a">Bucharest</subfield><subfield code="b">Editura Granada</subfield><subfield code="c">2008</subfield></datafield><datafield ind1=" " ind2=" " tag="300"><subfield code="a">209 p</subfield></datafield><datafield ind1=" " ind2=" " tag="500"><subfield code="a">donatie Gheorghe Dinescu</subfield></datafield><datafield ind1="1" ind2=" " tag="700"><subfield code="a">Stefan, Sabina</subfield></datafield><datafield ind1=" " ind2=" " tag="852"><subfield code="a">82774</subfield><subfield code="c">061.3</subfield></datafield><datafield ind1=" " ind2=" " tag="CAT"><subfield code="a">SYS</subfield><subfield code="c">20191023</subfield><subfield code="h">030229</subfield></datafield></record></collection>